<?xml version="1.0" encoding="UTF-8"?><collection xmlns="http://www.loc.gov/MARC21/slim"><record><leader>00550nam--2200205-u-4500</leader><controlfield tag="001">000052655</controlfield><controlfield tag="002">20161230</controlfield><controlfield tag="005">20161230201050</controlfield><controlfield tag="008">101001s1000------------r-----000-0-rus-d</controlfield><datafield ind1=" " ind2=" " tag="040"><subfield code="a">IFIN-HH</subfield></datafield><datafield ind1=" " ind2=" " tag="041"><subfield code="a">rus</subfield></datafield><datafield ind1=" " ind2=" " tag="080"><subfield code="a">533.951.3</subfield></datafield><datafield ind1="1" ind2=" " tag="100"><subfield code="a">Vainstein, L.A</subfield></datafield><datafield ind1="1" ind2="0" tag="245"><subfield code="a">Struktura i harakteristiki ionov v goriacei plazme</subfield><subfield code="c">L.A. Vainstein, V.P. Seveliko</subfield></datafield><datafield ind1=" " ind2=" " tag="260"><subfield code="a">Moskva</subfield><subfield code="b">Nauka</subfield><subfield code="c">1986</subfield></datafield><datafield ind1=" " ind2=" " tag="300"><subfield code="a">215 p</subfield></datafield><datafield ind1=" " ind2=" " tag="490"><subfield code="a">Fizika i Tehnika spektroskopii</subfield></datafield><datafield ind1="1" ind2=" " tag="700"><subfield code="a">Seveliko, V.p</subfield></datafield><datafield ind1=" " ind2=" " tag="852"><subfield code="a">73795</subfield><subfield code="c">533.9</subfield></datafield><datafield ind1=" " ind2=" " tag="CAT"><subfield code="a">Sys</subfield><subfield code="c">20101001</subfield><subfield code="h">170539</subfield></datafield></record></collection>